<?xml version="1.0" encoding="UTF-8"?>
<SOAP-ENV:Envelope xmlns:SOAP-ENV="http://schemas.xmlsoap.org/soap/envelope/" xmlns:of="http://oss.dbc.dk/ns/openformat" xmlns:ofo="http://oss.dbc.dk/ns/openformatoutput"><SOAP-ENV:Body><of:formatResponse><marc21><mx:record xmlns:mx="http://www.loc.gov/MARC21/slim" format="MARC21" type="Bibliographic"><mx:leader>00000nam a22000000c 4500</mx:leader><mx:controlfield tag="008">790802s1979    ic |||||      10||| mul|d</mx:controlfield><mx:datafield ind1=" " ind2=" " tag="020"><mx:subfield code="a">(Hf.)</mx:subfield><mx:subfield code="c">kr. 90.20</mx:subfield></mx:datafield><mx:datafield ind1="1" ind2=" " tag="029"><mx:subfield code="a">DKDLA</mx:subfield><mx:subfield code="b">870970-basis:05412803</mx:subfield></mx:datafield><mx:datafield ind1=" " ind2=" " tag="040"><mx:subfield code="a">DKDLA</mx:subfield><mx:subfield code="b">dan</mx:subfield><mx:subfield code="c">DKDLA</mx:subfield></mx:datafield><mx:datafield ind1="0" ind2=" " tag="041"><mx:subfield code="a">dan</mx:subfield><mx:subfield code="a">swe</mx:subfield><mx:subfield code="a">nor</mx:subfield></mx:datafield><mx:datafield ind1=" " ind2=" " tag="084"><mx:subfield code="a">02</mx:subfield><mx:subfield code="2">z</mx:subfield></mx:datafield><mx:datafield ind1="2" ind2=" " tag="111"><mx:subfield code="a">Nordisk Videnskabeligt Bibliotekarforbund. </mx:subfield><mx:subfield code="b">Medlemsmøde </mx:subfield><mx:subfield code="n">(5 :</mx:subfield><mx:subfield code="d">1978 :</mx:subfield><mx:subfield code="c">Reykjavík)</mx:subfield></mx:datafield><mx:datafield ind1="1" ind2="0" tag="245"><mx:subfield code="a">Fra norrøne skrifter til nordiske forskningsbiblioteker/</mx:subfield><mx:subfield code="c">Nordisk videnskabeligt Bibliotekarforbunds 5. medlemsmøde, Islands Universitet 18.-23. juni 1978 ; redigeret af Einar Sigurðsson og Helgi Magnússon</mx:subfield></mx:datafield><mx:datafield ind1=" " ind2=" " tag="260"><mx:subfield code="a">Reykjavík :</mx:subfield><mx:subfield code="b">Nordisk videnskabeligt Bibliotekarforbund ;</mx:subfield><mx:subfield code="a">Kbh. :</mx:subfield><mx:subfield code="b">i kommission hos Bibliotekscentralen,</mx:subfield><mx:subfield code="c">1979</mx:subfield></mx:datafield><mx:datafield ind1=" " ind2=" " tag="300"><mx:subfield code="a">218 sider :</mx:subfield><mx:subfield code="b">ill. ;</mx:subfield><mx:subfield code="c">24 cm</mx:subfield></mx:datafield><mx:datafield ind1="2" ind2=" " tag="505"><mx:subfield code="a">Af indholdet: Christian Hermann Jensen: Bibliotek og samfund - udviklingstendenser og konsekvenser for uddannelsen af personale til forskningsbibliotekerne. Biblioteksutdanning i Norden - sammenligning, vurdering og muligheter for samarbeid. EDB som hjälpmedel i de nordiska forskningsbibliotekens dagliga verksamhet. Forskningsbibliotekernes organisations-, styrings- og samarbejdsformer. Hans Westermann: Det grønlandske biblioteksvæsen.</mx:subfield></mx:datafield><mx:datafield ind1="1" ind2=" " tag="700"><mx:subfield code="a">Sigurðsson, Einar</mx:subfield></mx:datafield><mx:datafield ind1="1" ind2=" " tag="700"><mx:subfield code="a">Helgi Magnússon</mx:subfield></mx:datafield><mx:datafield ind1=" " ind2=" " tag="901"><mx:subfield code="a">020</mx:subfield></mx:datafield></mx:record><hs activity="insert">DKDLA</hs><hs activity="insert">DKB</hs></marc21></of:formatResponse></SOAP-ENV:Body></SOAP-ENV:Envelope>
